@book{blundell2009concepts,
  title		= {Concepts in Thermal Physics},
  author	= {Blundell, Stephen J. and Blundell, Katherine M.},
  year		= {2009},
  edition	= 2,
  isbn  	= {9780199562107},
  publisher	= {Oxford University Press},
  note 		= {\url{https://www.amazon.com/Concepts-Thermal-Physics-Stephen-Blundell/dp/0199562105}}
}
@book{schroeder1999introduction,
  title={An introduction to thermal physics},
  author={Schroeder, Daniel V},
  year={1999},
  publisher={AAPT}
}